<?xml version="1.0" encoding="UTF-8"?><collection xmlns="http://www.loc.gov/MARC21/slim"><record><leader>00575nam--2200217-u-4500</leader><controlfield tag="001">000050328</controlfield><controlfield tag="002">20161230</controlfield><controlfield tag="003">1290</controlfield><controlfield tag="005">20170306234114</controlfield><controlfield tag="008">060601s1000------------r-----000-0-eng-d</controlfield><datafield ind1=" " ind2=" " tag="040"><subfield code="a">IFIN-HH</subfield></datafield><datafield ind1=" " ind2=" " tag="041"><subfield code="a">rus</subfield></datafield><datafield ind1=" " ind2=" " tag="080"><subfield code="a">51</subfield></datafield><datafield ind1="1" ind2="0" tag="100"><subfield code="a">Chebotarev, N. G</subfield></datafield><datafield ind1="1" ind2="0" tag="245"><subfield code="a">Trudy Matematicheskogo Instituta im.B.A.Cteklova</subfield></datafield><datafield ind1=" " ind2=" " tag="260"><subfield code="a">Moskva</subfield><subfield code="b">Izdatelstvo Akademii Nauk SSSR</subfield><subfield code="c">1949</subfield></datafield><datafield ind1=" " ind2=" " tag="300"><subfield code="a">328 p</subfield></datafield><datafield ind1=" " ind2=" " tag="490"><subfield code="a">Problema Rausa-Gurvitsa dlya Polinomov i Tselyh funktsii</subfield><subfield code="v">XXVI</subfield></datafield><datafield ind1=" " ind2=" " tag="700"><subfield code="a">Meiman, N. N</subfield></datafield><datafield ind1=" " ind2=" " tag="852"><subfield code="a">51</subfield></datafield><datafield ind1=" " ind2=" " tag="CAT"><subfield code="a">SYS</subfield><subfield code="c">20170306</subfield><subfield code="h">234114</subfield></datafield></record></collection>